<?xml version="1.0" encoding="UTF-8"?><collection xmlns="http://www.loc.gov/MARC21/slim"><record><leader>00519nam--2200181-i-4500</leader><controlfield tag="001">000012207</controlfield><controlfield tag="002">20161230</controlfield><controlfield tag="005">20161230201029</controlfield><controlfield tag="008">060222s1000------------r-----000-0-fre-d</controlfield><datafield ind1=" " ind2=" " tag="040"><subfield code="a">IFIN-HH</subfield></datafield><datafield ind1=" " ind2=" " tag="041"><subfield code="a">fre</subfield></datafield><datafield ind1=" " ind2=" " tag="080"><subfield code="a">539.126.6(043)</subfield></datafield><datafield ind1="1" ind2=" " tag="100"><subfield code="a">Chaurand,Bernard Marie Georges</subfield></datafield><datafield ind1="1" ind2="0" tag="245"><subfield code="a">Etude de reactions k p - o l/2 et k p - o 3/2</subfield><subfield code="b">These</subfield><subfield code="c">Bernard marie georges chaurand</subfield></datafield><datafield ind1=" " ind2=" " tag="260"><subfield code="a">Orsay</subfield><subfield code="b">Universite De Paris-sud</subfield><subfield code="c">1976</subfield></datafield><datafield ind1=" " ind2=" " tag="300"><subfield code="a">VI + 156P</subfield></datafield><datafield ind1=" " ind2=" " tag="852"><subfield code="a">44977</subfield><subfield code="c">539.12</subfield></datafield><datafield ind1=" " ind2=" " tag="CAT"><subfield code="a">Sys</subfield><subfield code="c">20111128</subfield><subfield code="h">155624</subfield></datafield></record></collection>